% Encoding: UTF-8

@Unpublished{Rahmann2011,
  author        = {{Rahmann, Burkhardt}},
  title         = {Kamerakalibrierung},
  month         = oct,
  year          = {2011},
  __markedentry = {[king:6]},
  url           = {http://lmb.informatik.uni-freiburg.de/lectures/praktika_brox/bvpraktikum/BVAnl_kam_kalib.pdf},
  urldate       = {2016-05-24},
}

@Unpublished{Wahner2011,
  author        = {Maximilian Wahner},
  title         = {Gruppen von geometrischen Transformationen},
  month         = may,
  year          = {2011},
  __markedentry = {[king:6]},
  urldate       = {2016-06-16},
}

@Article{AMM2004,
  author        = {{Anuar Mikdad Muad, Aini Hussain, Salina Abdul Samad}},
  title         = {implementation of inverse perspective mapping algorithm for the development of an automatic lanetracking system},
  journal       = {TENCON 2004. 2004 IEEE Region 10 Conference},
  year          = {2004},
  __markedentry = {[king:6]},
  keywords      = {Automatic control;Computer networks;Imaging systems;Keywords;Telecommunication systems},
}

@Manual{Schindler2015,
  title        = {Photogrammetrie},
  author       = {Konrad Schindler},
  organization = {ETH Zuerich},
  year         = {2015},
  url          = {https://www1.ethz.ch/igp/photogrammetry/education/lehrveranstaltungen/PhotogrammetryFS15/coursematerial/04_progeom.pdf},
}

@Unpublished{Radstand2008,
  author    = {Radstand},
  title     = {Studie: Deutschlands Arbeitnehmer stehen im Stau},
  month     = jul,
  year      = {2008},
  timestamp = {2016-09-28},
  url       = {http://www.presseportal.de/pm/13588/1232839},
}

@Unpublished{Huetter2013,
  author      = {Andrea Huetter},
  title       = {Verkehr auf einen Blick},
  year        = {2013},
  institution = {Statistisches Bundesamt},
}

@Unpublished{ODB2014,
  author       = {Bundesverband deutscher Omnibusunternehmer},
  title        = {Pr\"asentation der Konjunkturumfrage 2014/2015},
  year         = {2014},
  organization = {Bundesverband deutscher Omnibusunternehmer},
}

@Unpublished{NTV2016,
  author = {n-tv Nachrichtenfernsehen GmbH},
  title  = {Lastwagen der Zukunft sind rollende Hightech Riesen},
  note   = {IAA Nutzfahrzeuge 2016},
  month  = oct,
  year   = {2016},
}

@Comment{jabref-meta: databaseType:bibtex;}
